@book{labelle2010supersymmetry,
  title={Supersymmetry DeMYSTiFied},
  author={LaBelle, P.},
  isbn={9780071636421},
  url={https://books.google.co.jp/books?id=SWHhdGbxukkC},
  year={2010},
  publisher={McGraw-Hill Education}
}